<?xml version="1.0" encoding="UTF-8"?><record xmlns="http://www.loc.gov/MARC21/slim" xmlns:cinclude="http://apache.org/cocoon/include/1.0" xmlns:zs="http://www.loc.gov/zing/srw/">
  <leader>00471nz  a2200145n  4500</leader>
  <controlfield tag="001">no 00066903 </controlfield>
  <controlfield tag="003">DLC</controlfield>
  <controlfield tag="005">20000819064010.0</controlfield>
  <controlfield tag="008">000818n| acannaabn          |n aaa     c</controlfield>
  <datafield tag="010" ind1=" " ind2=" ">
    <subfield code="a">no 00066903 </subfield>
  </datafield>
  <datafield tag="035" ind1=" " ind2=" ">
    <subfield code="a">(OCoLC)oca05291483</subfield>
  </datafield>
  <datafield tag="040" ind1=" " ind2=" ">
    <subfield code="a">KOpJCAV</subfield>
    <subfield code="b">eng</subfield>
    <subfield code="c">KOpJCAV</subfield>
  </datafield>
  <datafield tag="100" ind1="1" ind2=" ">
    <subfield code="a">Jann, Michael Patrick</subfield>
  </datafield>
  <datafield tag="670" ind1=" " ind2=" ">
    <subfield code="a">Drop dead gorgeous, 1999:</subfield>
    <subfield code="b">container (Michael Patrick Jann)</subfield>
  </datafield>
  <datafield tag="670" ind1=" " ind2=" ">
    <subfield code="a">Internet movie database, Aug. 7, 2000:</subfield>
    <subfield code="b">(Michael Patrick Jann; director, actor, producer)</subfield>
  </datafield>
</record>